%%%% PRODUCTS %%%%

@misc{3DioOmniBinauralURL,
    author = {{3Dio}},
    title = {{Omni Binaural Microphone}},
    year = {2019},
    howpublished = {\url{https://3diosound.com/products/omni-binaural-microphone}},
    note = {[Online; accessed 16-February-2019]}
}

@misc{EigenmikeURL,
    author = {{mh acoustics, LLC}},
    title = {Eigenmike\textsuperscript{\textregistered} microphone},
    year = {2014},
    howpublished = {\url{https://www.mhacoustics.com/products\#eigenmike1}},
    note = {[Online; accessed 16-February-2019]}
}

@misc{Hear3608ballURL,
    author = {{HEAR360 LLC}},
    title = {{8ball Omni binaural Microphone}},
    year = {2017},
    howpublished = {\url{https://hear360.io/shop/8ball}},
    note = {[Online; accessed 16-February-2019]}
}

@misc{NeumannKU100URL,
    author = {Georg Neumann GmbH},
    title = {{KU 100}},
    year = {2018},
    howpublished = {\url{https://en-de.neumann.com/ku-100}},
    note = {[Online; accessed 16-February-2019]}
}

@misc{PolhemusURL,
    author = {Polhemus},
    title = {{FASTRAK\textregistered}},
    year = {2019},
    howpublished = {\url{https://polhemus.com/motion-tracking/all-trackers/fastrak}},
    note = {[Online; accessed 16-February-2019]}
}

@misc{TetraMicURL,
    author = {{Core Sound, LLC}},
    title = {{Core Sound TetraMic}},
    year = {2017},
    howpublished = {\url{http://www.core-sound.com/TetraMic/1.php}},
    note = {[Online; accessed 16-February-2019]}
}

@misc{TrackIRURL,
    author = {{NaturalPoint Inc.}},
    title = {{TRACKIR 5}},
    year = {2016},
    howpublished = {\url{https://www.naturalpoint.com/trackir/trackir5/}},
    note = {[Online; accessed 16-February-2019]}
}

@misc{VisageURL,
    author = {{Visage Technologies}},
    title = {Products},
    year = {2019},
    howpublished = {\url{http://visagetechnologies.com/products-and-services/visagesdk/}},
    note = {[Online; accessed 16-February-2019]}
}

@misc{VisiSonicsAudioCameraURL,
    author = {{VisiSonics Corporation}},
    title = {{VisiSonics 5/64 Audio/Visual Camera}},
    year = {2014},
    howpublished = {\url{https://visisonics.com/products-2/\#camera}},
    note = {[Online; accessed 16-February-2019]}
}

@misc{ZyliaZM1URL,
    author = {{Zylia Sp.~z o.~o.}},
    title = {{ZYLIA ZM-1 microphone}},
    year = {2018},
    howpublished = {\url{http://www.zylia.co/zylia-zm-1-microphone.html}},
    note = {[Online; accessed 16-February-2019]}
}

%%%% TOOLKITS AND SOFTWARE %%%%

@misc{ADTURL,
    author = {Heller, Aaron J.},
    title = {Ambisonic Decoder Toolbox},
    year = {2018},
    howpublished = {\url{https://bitbucket.org/ambidecodertoolbox/adt.git}},
    note = {[Online; accessed 16-February-2019]}
}

@misc{AmbiNavToolkitURL,
    author = {Tylka, Joseph G.},
    title = {},
    year = {2019},
    howpublished = {\url{https://github.com/PrincetonUniversity/3D3A-AmbiNav-Toolkit}},
    note = {[Online; accessed 16-February-2019]}
}

@misc{ambiXPlugInURL,
    author = {Kronlachner, Matthias},
    title = {{ambiX v0.2.7 -- Ambisonic plug-in suite}},
    year = {2014},
    howpublished = {\url{http://www.matthiaskronlachner.com/?p=2015}},
    note = {[Online; accessed 16-February-2019]}
}

@misc{AMTURL,
    author = {S{\o}ndergaard, Peter L. and Majdak, Piotr},
    title = {{The Auditory Modeling Toolbox}},
    year = {2013},
    howpublished = {\url{http://amtoolbox.sourceforge.net/}},
    note = {[Online; accessed 16-February-2019]}
}

@misc{LTFATURL,
    author = {Pr\r{u}\v{s}a, Zden\v{e}k and S{\o}ndergaard, Peter L. and Holighaus, Nicki and Wiesmeyr, Christoph and Balazs, Peter},
    title = {{The Large Time-Frequency Analysis Toolbox}},
    year = {2012},
    howpublished = {\url{http://ltfat.github.io}},
    note = {[Online; accessed 16-February-2019]}
}

@misc{MCRoomSimURL,
    author = {Wabnitz, Andrew},
    title = {Room acoustics simulator for multichannel microphone arrays},
    year = {2018},
    howpublished = {\url{https://github.com/Andronicus1000/MCRoomSim}},
    note = {[Online; accessed 16-February-2019]}
}

@misc{SABREToolkitURL,
    author = {Tylka, Joseph G.},
    title = {{A toolkit for customizing the ambiX ambisonics-to-binaural renderer}},
    year = {2017},
    howpublished = {\url{https://github.com/PrincetonUniversity/3D3A-SABRE-Toolkit}},
    note = {[Online; accessed 16-February-2019]}
}

@misc{SOFAAPIURL,
    author = {Majdak, Piotr and Wierstorf, Hagen},
    title = {{SOFA Matlab/Octave API}},
    year = {2012},
    howpublished = {\url{https://github.com/sofacoustics/sofa}},
    note = {[Online; accessed 16-February-2019]}
}

@misc{StittCodeURL,
    author = {Stitt, Peter},
    title = {{Matlab Code}},
    year = {2016},
    howpublished = {\url{https://circlesounds.wordpress.com/matlab-code/}},
    note = {[Online; accessed 16-February-2019]}
}

%%%% DATABASES %%%%

@misc{3D3ALabHRTFDatabaseURL,
    author = {Sridhar, Rahulram and Tylka, Joseph G.},
    title = {{Head-Related Transfer Function Measurements}},
    year = {2017},
    howpublished = {\url{https://www.princeton.edu/3D3A/HRTFMeasurements.html}},
    note = {[Online; accessed 16-February-2019]}
}

@misc{FliegeNodesURL,
    author = {Fliege, J\"{o}rg},
    title = {Integration nodes for the sphere},
    year = {2007},
    howpublished = {\url{http://www.mathematik.uni-dortmund.de/lsx/research/projects/fliege/nodes/nodes.html}},
    note = {[Online; accessed 16-February-2019]}
}

@misc{RIECHRTFDatabaseURL,
    author = {Watanabe, Kanji and Iwaya, Yukio and Suzuki, Y\^{o}iti and Takane, Shouichi and Sato, Sojun},
    title = {{The RIEC HRTF Dataset}},
    year = {2013},
    howpublished = {\url{http://www.riec.tohoku.ac.jp/pub/hrtf/index.html}},
    note = {[Online; accessed 16-February-2019]}
}

@misc{SOFAHRTFDatabasesURL,
    author = {Majdak, Piotr and Noisternig, Markus and Wierstorf, Hagen and Mihocic, Michael and Ziegelwanger, Harald and Carpentier, Thibaut},
    title = {Files},
    year = {2018},
    howpublished = {\url{https://www.sofaconventions.org/mediawiki/index.php/Files}},
    note = {[Online; accessed 16-February-2019]}
}

%%%% OTHER LINKS %%%%

@misc{MATLABhammingURL,
    author = {{The MathWorks, Inc.}},
    title = {Hamming window},
    year = {2019},
    howpublished = {\url{https://www.mathworks.com/help/signal/ref/hamming.html}},
    note = {[Online; accessed 16-February-2019]}
}

@misc{MATLABlegendreURL,
    author = {{The MathWorks, Inc.}},
    title = {{Associated Legendre functions}},
    year = {2019},
    howpublished = {\url{https://www.mathworks.com/help/matlab/ref/legendre.html}},
    note = {[Online; accessed 16-February-2019]}
}

@misc{SOFAMainPageURL,
    author = {Majdak, Piotr and Noisternig, Markus and Wierstorf, Hagen and Mihocic, Michael and Ziegelwanger, Harald and Carpentier, Thibaut},
    title = {{SOFA (Spatially Oriented Format for Acoustics)}},
    year = {2018},
    howpublished = {\url{https://www.sofaconventions.org}},
    note = {[Online; accessed 16-February-2019]}
}

@misc{WikiSommerfeldURL,
    author = {Wikipedia},
    title = {Sommerfeld radiation condition},
    year = {2016},
    howpublished = {\url{https://en.wikipedia.org/wiki/Sommerfeld_radiation_condition}},
    note = {[Online; accessed 18-April-2019]}
}