@misc{AES69-2015,
    title = {{AES69-2015: AES standard for file exchange - Spatial acoustic data file format}},
    author = {},
    key = {AES69-2015},
    howpublished = {},
    organization = {Audio Engineering Society, Inc.},
    year = {2015}
}

@conference{AhrensSpors2009,
    author = {Ahrens, Jens and Spors, Sascha},
    booktitle = {2009 IEEE International Conference on Acoustics, Speech and Signal Processing},
    title = {An analytical approach to sound field reproduction with a movable sweet spot using circular distributions of loudspeakers},
    year = {2009},
    volume = {},
    number = {},
    pages = {273--276},
    doi = {10.1109/ICASSP.2009.4959573},
    ISSN = {1520-6149},
    month = {4}
}

@inproceedings{Algazi2001, 
    author = {V. R. Algazi and R. O. Duda and D. M. Thompson and C. Avendano},
    booktitle = {Proceedings of the 2001 IEEE Workshop on the Applications of Signal Processing to Audio and Acoustics (Cat. No.01TH8575)},
    title = {{The CIPIC HRTF database}},
    year = {2001},
    volume = {},
    number = {},
    pages = {99--102},
    doi = {10.1109/ASPAA.2001.969552},
    ISSN = {},
    month = {}
}

@article{Algazi2004,
    title = {{Motion-Tracked Binaural Sound}},
    author = {Algazi, V. Ralph and Duda, Richard O. and Thompson, Dennis M.},
    journal = {The Journal of the Audio Engineering Society},
    volume = {52},
    number = {11},
    pages = {1142--1156},
    year = {2004},
    url = {http://www.aes.org/e-lib/browse.cfm?elib=13028}
}

@article{Bank2013,
    title = {{Audio Equalization with Fixed-Pole Parallel Filters: An Efficient Alternative to Complex Smoothing}},
    author = {Bank, Bal\'{a}zs},
    journal = {The Journal of the Audio Engineering Society},
    volume = {61},
    number = {1/2},
    pages = {39--49},
    year = {2013},
    url = {http://www.aes.org/e-lib/browse.cfm?elib=16666}
}

@conference{Bates2018,
    title = {{A Recording Technique for 6 Degrees of Freedom VR}},
    author = {Bates, Enda and O'Dwyer, Hugh and Flachsbarth, Karl-Philipp and Boland, Francis M.},
    booktitle = {Audio Engineering Society Convention 144},
    month = {5},
    year = {2018},
    note = {Convention Paper 10022},
    url = {http://www.aes.org/e-lib/browse.cfm?elib=19418}
}

@conference{BaumgartnerZotter2012,
    title = {{Time-Domain Translation Operators for the Fast-Multipole-Method}},
    author = {Baumgartner, Ralf and Zotter, Franz},
    booktitle = {Tagungsband der 38.~Deutschen Jahrestagung f\"{u}r Akustik (DAGA 2012)},
    month = {3},
    year = {2012},
    url = {http://pub.dega-akustik.de/DAGA_2012/data/articles/000383.pdf}
}

@conference{BergeBarrett2010a,
    title = {{High angular resolution planewave expansion}},
    author = {Berge, Svein and Barrett, Natasha},
    booktitle = {Proceedings of the 2nd International Symposium on Ambisonics and Spherical Acoustics},
    month = {5},
    year = {2010},
    url = {http://ambisonics10.ircam.fr/drupal/index5d87.html?q=proceedings/o15}
}

@conference{BergeBarrett2010b,
    title = {{A New Method for B-Format to Binaural Transcoding}},
    author = {Berge, Svein and Barrett, Natasha},
    booktitle = {Audio Engineering Society Conference: 40th International Conference: Spatial Audio: Sense the Sound of Space},
    month = {10},
    year = {2010},
    note = {Conference Paper 6-5},
    url = {http://www.aes.org/e-lib/browse.cfm?elib=15527}
}

@article{Bernschutz2014,
    author = {Bernsch\"{u}tz, B. and Giner, A. V\'{a}zquez and P\"{o}rschmann, C. and Arend, J.},
    title = {{Binaural Reproduction of Plane Waves With Reduced Modal Order}},
    journal = "Acta Acustica united with Acustica",
    month = {9},
    volume = "100",
    number = "5",
    year = "2014",
    pages = "972--983",
    url = "http://www.ingentaconnect.com/content/dav/aaua/2014/00000100/00000005/art00022",
    doi = "doi:10.3813/AAA.918777"
}

@inproceedings{Bilinski2014,
    author = {P. Bilinski and J. Ahrens and M. R. P. Thomas and I. J. Tashev and J. C. Platt},
    booktitle = {2014 IEEE International Conference on Acoustics, Speech and Signal Processing (ICASSP)},
    title = {{HRTF magnitude synthesis via sparse representation of anthropometric features}},
    year = {2014},
    volume = {},
    number = {},
    pages = {4468--4472},
    doi = {10.1109/ICASSP.2014.6854447},
    ISSN = {1520-6149},
    month = {5}
}

@book{Blauert1997,
    author = {Blauert, Jens},
    title = {Spatial Hearing: The Psychophysics of Human Sound Localization},
    publisher = {The MIT Press},
    edition = {Revised edition},
    year = {1997}
}

@article{Bomhardt2016,
    author = {Ramona Bomhardt and Matias de la Fuente Klein and Janina Fels},
    title = {A high-resolution head-related transfer function and three-dimensional ear model database},
    journal = {Proceedings of Meetings on Acoustics},
    volume = {29},
    number = {1},
    pages = {050002},
    year = {2016},
    doi = {10.1121/2.0000467},
    url = {http://asa.scitation.org/doi/abs/10.1121/2.0000467},
    eprint = {http://asa.scitation.org/doi/pdf/10.1121/2.0000467}
}

@conference{Boren2015,
    title = {{Coloration metrics for headphone equalization}},
    author = {Boren, Braxton and Geronazzo, Michele and Brinkmann, Fabian and Choueiri, Edgar},
    booktitle = {Proceedings of the 21st International Conference on Auditory Display},
    pages = {29--34},
    month = {7},
    year = {2015},
    url = {http://iem.kug.ac.at/fileadmin/media/institut-17/icad15/proceedings150707_2.pdf}
}

@conference{Brunner2007,
  title = {{On the Audibility of Comb Filter Distortions}},
  author = {Brunner, Stefan and Maempel, Hans-Joachim and Weinzierl, Stefan},
  booktitle = {Audio Engineering Society Convention 122},
  month = {5},
  year = {2007},
  note = {Convention Paper 7047},
  url = {http://www.aes.org/e-lib/browse.cfm?elib=14032}
}

@article{Bucklein1981,
  title = {{The Audibility of Frequency Response Irregularities}},
  author = {B\"{u}cklein, Roland},
  journal = {The Journal of the Audio Engineering Society},
  volume = {29},
  number = {3},
  pages = {126--131},
  year = {1981},
  url = {http://www.aes.org/e-lib/browse.cfm?elib=10291}
}

@conference{Carpentier2017,
    title = {{Normalization Schemes in Ambisonic: Does it Matter?}},
    author = {Carpentier, Thibaut},
    booktitle = {Audio Engineering Society Convention 142},
    month = {5},
    year = {2017},
    note = {Convention Paper 9769},
    url = {http://www.aes.org/e-lib/browse.cfm?elib=18645}
}

@conference{Chen2015,
    author = {Chen, Hanchi and Abhayapala, Thushara D. and Zhang, Wen},
    booktitle = {2015 23rd European Signal Processing Conference (EUSIPCO)},
    title = {{3D sound field analysis using circular higher-order microphone array}},
    year = {2015},
    pages = {1153--1157},
    doi = {10.1109/EUSIPCO.2015.7362564},
    month = {8}
}

@article{Choi1999,
    author = {Choi, Cheol Ho and Ivanic, Joseph and Gordon, Mark S. and Ruedenberg, Klaus},
    title = {{Rapid and stable determination of rotation matrices between spherical harmonics by direct recursion}},
    journal = {The Journal of Chemical Physics},
    volume = {111},
    number = {19},
    pages = {8825--8831},
    year = {1999},
    doi = {10.1063/1.480229},
    url = {https://doi.org/10.1063/1.480229},
    eprint = {https://doi.org/10.1063/1.480229}
}

@incollection{Choueiri2017a,
    author = "Choueiri, Edgar",
    editor = "Roginska, Agnieszka and Geluso, Paul",
    title = {{Binaural Audio Through Loudspeakers}},
    booktitle = {Immersive Sound: The Art and Science of Binaural and Multi-Channel Audio},
    year = "2017",
    month = "10",
    publisher = "Focal Press",
    address = "Waltham, MA",
    url = "https://www.routledge.com/Immersive-Sound-The-Art-and-Science-of-Binaural-and-Multi-Channel-Audio/Roginska-Geluso/p/book/9781138900004"
}

@misc{Choueiri2017b,
  title = {Method and system for producing low-noise acoustical impulse responses at high sampling rate},
  author = {Choueiri, Edgar Y. and Tylka, Joseph and Sridhar, Rahulram and Boren, Braxton},
  url = {https://patents.google.com/patent/US20170098454A1},
  year = {2017},
  month = {4},
  note = {US Patent App. 2017/0098454 A1}
}

@misc{Choueiri2018,
  title = {Method and system for producing low-noise acoustical impulse responses at high sampling rate},
  author = {Choueiri, Edgar Y. and Tylka, Joseph and Sridhar, Rahulram and Boren, Braxton},
  url = {https://patents.google.com/patent/US9959883B2},
  year = {2018},
  month = {5},
  note = {US Patent No.~9,959,883 B2}
}

@conference{Daniel2003b,
    title = {{Spatial Sound Encoding Including Near Field Effect: Introducing Distance Coding Filters and a Viable, New Ambisonic Format}},
    author = {Daniel, Jerome},
    booktitle = {Audio Engineering Society Conference: 23rd International Conference: Signal Processing in Audio Recording and Reproduction},
    month = {5},
    year = {2003},
    note = {Conference Paper 16},
    url = {http://www.aes.org/e-lib/browse.cfm?elib=12321}
}

@article{Dietz2011,
    author = {Dietz, Mathias and Ewert, Stephan D. and Hohmann, Volker},
    title = {{Auditory model based direction estimation of concurrent speakers from binaural signals}},
    journal = {Speech Communication},
    volume = "53",
    number = "5",
    pages = {592--605},
    year = {2011},
    note = "Perceptual and Statistical Audition",
    issn = "0167-6393",
    doi = "10.1016/j.specom.2010.05.006",
    url = "http://www.sciencedirect.com/science/article/pii/S016763931000097X"
}

@conference{Duraiswami2005a,
    title = {High Order Spatial Audio Capture and Its Binaural Head-Tracked Playback Over Headphones with {HRTF} Cues},
    author = {Duraiswami, Ramani and Zotkin, Dmitry N. and Li, Zhiyun and Grassi, Elena and Gumerov, Nail A. and Davis, Larry S.},
    booktitle = {Audio Engineering Society Convention 119},
    month = {10},
    year = {2005},
    note = {Convention Paper 6540},
    url = {http://www.aes.org/e-lib/browse.cfm?elib=13369}
}

@manual{EigenUnitsManual2018,
    title = {EigenUnits VST Plugins for macOS and Windows},
    organization = {mh acoustics, LLC},
    address = {Summit, NJ, USA},
    note = {Version 2, Rev.~A},
    month = {2},
    year = {2018},
    url = {https://mhacoustics.com/sites/default/files/EigenUnits\%20User\%20Manual.pdf}
}

@conference{Emura2017,
    author = {Emura, Satoru},
    booktitle = {2017 IEEE International Conference on Acoustics, Speech and Signal Processing (ICASSP)},
    title = {Sound field estimation using two spherical microphone arrays},
    year = {2017},
    pages = {101--105},
    doi = {10.1109/ICASSP.2017.7952126},
    ISSN = {2379-190X},
    month = {3}
}

@conference{Epain2009,
    title = {{The Application of Compressive Sampling to the Analysis and Synthesis of Spatial Sound Fields}},
    author = {Epain, Nicolas and Jin, Craig and Van Schaik, Andr\'{e}},
    booktitle = {Audio Engineering Society Convention 127},
    month = {10},
    year = {2009},
    note = {Convention Paper 7857},
    url = {http://www.aes.org/e-lib/browse.cfm?elib=15052}
}

@conference{Fan2014,
    author = {Fan, Cheng and Salehin, S. M. Akramus and Abhayapala, Thushara D.},
    booktitle = {Signal and Information Processing Association Annual Summit and Conference (APSIPA), 2014 Asia-Pacific},
    title = {Practical implementation and analysis of spatial soundfield capture by higher order microphones}, 
    year = {2014},
    pages = {1--8},
    doi = {10.1109/APSIPA.2014.7041684},
    month = {12}
}

@conference{Farina2007a,
    title = {{Advancements in Impulse Response Measurements by Sine Sweeps}},
    author = {Farina, Angelo},
    booktitle = {Audio Engineering Society Convention 122},
    month = {5},
    year = {2007},
    note = {Convention Paper 7121},
    url = {http://www.aes.org/e-lib/browse.cfm?elib=14106}
}

@article{FernandezGrande2016,
    author = {Fernandez-Grande, Efren},
    title = {Sound field reconstruction using a spherical microphone array},
    journal = {The Journal of the Acoustical Society of America},
    volume = {139},
    number = {3},
    pages = {1168--1178},
    year = {2016},
    doi = {10.1121/1.4943545},
    url = {https://doi.org/10.1121/1.4943545},
    eprint = {https://doi.org/10.1121/1.4943545}
}

@article{FletcherMunson1933,
    author = {Fletcher, Harvey  and Munson, Wilden A.},
    title = {Loudness, Its Definition, Measurement and Calculation},
    journal = {The Journal of the Acoustical Society of America},
    volume = {5},
    number = {2},
    pages = {82--108},
    year = {1933},
    doi = {10.1121/1.1915637},
    url = {https://doi.org/10.1121/1.1915637},
    eprint = {https://doi.org/10.1121/1.1915637}
}

@article{FliegeMaier1999,
    author = {Fliege, J\"{o}rg and Maier, Ulrike},
    title = {{The distribution of points on the sphere and corresponding cubature formulae}},
    journal = {IMA Journal of Numerical Analysis},
    volume = {19},
    number = {2},
    pages = {317--334},
    year = {1999},
    doi = {10.1093/imanum/19.2.317}
}

@conference{Frank2008,
    title = {{Localization Experiments Using Different 2D Ambisonics Decoders}},
    author = {Frank, Matthias and Zotter, Franz and Sontacchi, Alois},
    booktitle = {25th Tonmeistertagung -- VDT International Convention},
    month = {11},
    year = {2008},
    address = {Leipzig, Germany},
    url = {http://iem.kug.ac.at/fileadmin/media/iem/projects/2008/tmt08.pdf}
}

@conference{GarciaGomezLopez2018,
    title = {{Binaural Room Impulse Responses Interpolation for Multimedia Real-Time Applications}},
    author = {Garcia-Gomez, Victor and Lopez, Jose J.},
    booktitle = {Audio Engineering Society Convention 144},
    month = {5},
    year = {2018},
    note = {Convention Paper 9962},
    url = {http://www.aes.org/e-lib/browse.cfm?elib=19479}
}

@conference{Gerzon1992,
    title = {General Metatheory of Auditory Localisation},
    author = {Gerzon, Michael A.},
    booktitle = {Audio Engineering Society Convention 92},
    month = {3},
    year = {1992},
    note = {Convention Paper 3306},
    url = {http://www.aes.org/e-lib/browse.cfm?elib=6827}
}

@article{GlasbergMoore1990,
    title = {Derivation of auditory filter shapes from notched-noise data},
    author = {Glasberg, Brian R. and Moore, Brian C. J.},
    journal = {Hearing Research},
    volume = {47},
    number = {1},
    pages = {103--138},
    year = {1990},
    publisher = {Elsevier}
}

@book{GumerovDuraiswami2005,
    author = {Gumerov, Nail A. and Duraiswami, Ramani},
    title = {Fast Multipole Methods for the Helmholtz Equation in Three Dimensions},
    publisher = {Elsevier Science},
    year = {2005}
}

@article{Gumerov2010,
    author = {Nail A. Gumerov and Adam E. O'Donovan and Ramani Duraiswami and Dmitry N. Zotkin},
    title = {Computation of the head-related transfer function via the fast multipole accelerated boundary element method and its spherical harmonic representation},
    journal = {The Journal of the Acoustical Society of America},
    volume = {127},
    number = {1},
    pages = {370--386},
    year = {2010},
    doi = {10.1121/1.3257598},
    url = {https://doi.org/10.1121/1.3257598},
    eprint = {https://doi.org/10.1121/1.3257598}
}

@conference{HahnSpors2015b,
    title = {Physical Properties of Modal Beamforming in the Context of Data-Based Sound Reproduction},
    author = {Hahn, Nara and Spors, Sascha},
    booktitle = {Audio Engineering Society Convention 139},
    month = {10},
    year = {2015},
    note = {Convention Paper 9468},
    url = {http://www.aes.org/e-lib/browse.cfm?elib=18024}
}

@book{Hansen1998,
    author = {Hansen, Per Christian},
    title = {Rank-Deficient and Discrete Ill-Posed Problems: Numerical Aspects
of Linear Inversion},
    publisher = {Society for Industrial and Applied Mathematics},
    year = {1998}
}

@conference{Hassager2014,
    title = {{The effect of spectral details on the externalization of sounds}},
    author = {Hassager, Henrik Gert and Dau, Torsten and Gran, Fredrik},
    booktitle = {Forum Acusticum},
    month = {9},
    year = {2014}
}

@article{HatziantoniouMourjopoulos2000,
    title = {{Generalized Fractional-Octave Smoothing of Audio and Acoustic Responses}},
    author = {Hatziantoniou, Panagiotis D. and Mourjopoulos, John N.},
    journal = {The Journal of the Audio Engineering Society},
    volume = {48},
    number = {4},
    pages = {259--280},
    year = {2000},
    url = {http://www.aes.org/e-lib/browse.cfm?elib=12070}
}

@conference{Heller2008,
    title = {Is My Decoder Ambisonic?},
    author = {Heller, Aaron and Lee, Richard and Benjamin, Eric},
    booktitle = {Audio Engineering Society Convention 125},
    month = {10},
    year = {2008},
    note = {Convention Paper 7553},
    url = {http://www.aes.org/e-lib/browse.cfm?elib=14705}
}

@conference{Heller2012,
    title = {{A Toolkit for the Design of Ambisonic Decoders}},
    author = {Heller, Aaron J. and Benjamin, Eric M. and Lee, Richard},
    booktitle = {Linux Audio Conference},
    month = {4},
    year = {2012},
    url = {http://lac.linuxaudio.org/2012/papers/18.pdf}
}

@misc{ITU-R-BS.1534-3,
    title = {{Recommendation ITU-R BS.1534-3: Method for the subjective assessment of intermediate quality level of audio systems}},
    author = {{ITU-R BS.1534-3}},
    howpublished = {},
    organization = {International Telecommunication Union},
    year = {2015}
}

@article{Jin2014,
    author = {C. T. Jin and P. Guillon and N. Epain and R. Zolfaghari and A. van Schaik and A. I. Tew and C. Hetherington and J. Thorpe},
    journal = {IEEE Transactions on Multimedia},
    title = {{Creating the Sydney York Morphological and Acoustic Recordings of Ears Database}},
    year={2014},
    volume={16},
    number={1},
    pages={37--46},
    doi={10.1109/TMM.2013.2282134}, 
    ISSN={1520-9210}, 
    month = {1}
}

@article{Kates1984,
    title = {A Perceptual Criterion for Loudspeaker Evaluation},
    author = {Kates, James M.},
    journal = {The Journal of the Audio Engineering Society},
    volume = {32},
    number = {12},
    pages = {938--945},
    year = {1984},
    url = {http://www.aes.org/e-lib/browse.cfm?elib=4469}
}

@article{KatzNoisternig2014,
    author = {Brian F. G. Katz and Markus Noisternig},
    title = {A comparative study of interaural time delay estimation methods},
    journal = {The Journal of the Acoustical Society of America},
    volume = {135},
    number = {6},
    pages = {3530--3540},
    year = {2014},
    doi = {10.1121/1.4875714},
    url = {https://doi.org/10.1121/1.4875714},
    eprint = {https://doi.org/10.1121/1.4875714}
}

@conference{Kearney2009,
    author = {Kearney, Gavin and Masterson, Claire and Adams, Stephen and Boland, Frank},
    booktitle = {17th European Signal Processing Conference},
    title = {{Dynamic Time Warping for acoustic response interpolation: Possibilities and limitations}},
    year = {2009},
    pages = {705--709},
    month = {8}
}

@conference{Kronlachner2013,
    title = {{Ambisonics plug-in suite for production and performance usage}},
    author = {Kronlachner, Matthias},
    booktitle = {Linux Audio Conference},
    month = {5},
    year = {2013},
    url = {http://lac.linuxaudio.org/2013/papers/51.pdf}
}

@mastersthesis{Kronlachner2014b,
    author = {Kronlachner, Matthias},
    title = {{Spatial Transformations for the Alteration of Ambisonic Recordings}},
    school = {Graz University of Technology},
    year = {2014}
}

@conference{KuntzRabenstein2007,
    author = {Kuntz, A. and Rabenstein, R.},
    booktitle = {15th European Signal Processing Conference},
    title = {Limitations in the extrapolation of wave fields from circular measurements},
    year = {2007},
    pages = {2331--2335},
    month = {9}
}

@mastersthesis{Laitinen2008,
    author = {Laitinen, Mikko-Ville},
    title = {{Binaural Reproduction for Directional Audio Coding}},
    school = {Helsinki University of Technology},
    year = {2008}
}

@conference{Lee2011,
    title = {{A New Multichannel Microphone Technique for Effective Perspective Control}},
    author = {Lee, Hyunkook},
    booktitle = {Audio Engineering Society Convention 130},
    month = {5},
    year = {2011},
    note = {Convention Paper 8337},
    url = {http://www.aes.org/e-lib/browse.cfm?elib=15804}
}

@conference{Lee2012,
    title = {{Subjective Evaluations of Perspective Control Microphone Array (PCMA)}},
    author = {Lee, Hyunkook},
    booktitle = {Audio Engineering Society Convention 132},
    month = {4},
    year = {2012},
    note = {Convention Paper 8625},
    url = {http://www.aes.org/e-lib/browse.cfm?elib=16263}
}

@article{Lindemann1986a,
    author = {W. Lindemann},
    title = {{Extension of a binaural cross-correlation model by contralateral inhibition. I. Simulation of lateralization for stationary signals}},
    journal = {The Journal of the Acoustical Society of America},
    volume = {80},
    number = {6},
    pages = {1608-1622},
    year = {1986},
    doi = {10.1121/1.394325}
}

@article{Lipshitz1985,
    title = {{Increasing the Audio Measurement Capability of FFT Analyzers by Microcomputer Postprocessing}},
    author = {Lipshitz, Stanley P. and Scott, Tony C. and Vanderkooy, John},
    journal = {The Journal of the Audio Engineering Society},
    volume = {33},
    number = {9},
    pages = {626--648},
    year = {1985},
    url = {http://www.aes.org/e-lib/browse.cfm?elib=4433}
}

@article{Litovsky1999,
    author = {Litovsky, Ruth Y. and Colburn, H. Steven and Yost, William A. and Guzman, Sandra J.},
    title = {{The precedence effect}},
    journal = "The Journal of the Acoustical Society of America",
    year = "1999",
    volume = "106",
    number = "4",
    pages = "1633--1654",
    url = "http://scitation.aip.org/content/asa/journal/jasa/106/4/10.1121/1.427914",
    doi = "10.1121/1.427914"
}

@article{Majdak2007,
    title = {{Multiple Exponential Sweep Method for Fast Measurement of Head-Related Transfer Functions}},
    author = {Majdak, Piotr and Balazs, Peter and Laback, Bernhard},
    journal = {The Journal of the Audio Engineering Society},
    volume = {55},
    number = {7/8},
    pages = {623--637},
    year = {2007},
    url = {http://www.aes.org/e-lib/browse.cfm?elib=14190}
}

@article{MalhamMyatt1995,
    title = {{3-D Sound Spatialization using Ambisonic Techniques}},
    author = {Malham, David G. and Myatt, Anthony},
    journal = {Computer Music Journal},
    volume = {19},
    number = {4},
    pages = {58--70},
    year = {1995},
    url = {http://www.jstor.org/stable/3680991}
}

@conference{MarietteKatz2009,
    title = {{SOUNDDELTA - Large Scale, Multi-user Audio Augmented Reality}},
    author = {Mariette, Nicholas and Katz, Brian F. G.},
    booktitle = {Proceedings of the EAA Symposium on Auralization},
    address = {Espoo, Finland},
    month = {6},
    year = {2009},
    pages = {37--42}
}

@conference{Mariette2010,
    title = {{SoundDelta: A Study of Audio Augmented Reality Using WiFi-Distributed Ambisonic Cell Rendering}},
    author = {Mariette, Nicholas and Katz, Brian F. G. and Boussetta, Khaled and Guillerminet, Olivier},
    booktitle = {Audio Engineering Society Convention 128},
    month = {5},
    year = {2010},
    note = {Convention Paper 8123},
    url = {http://www.aes.org/e-lib/browse.cfm?elib=15420}
}

@conference{Masterson2009,
    title = {{Acoustic Impulse Response Interpolation for Multichannel Systems Using Dynamic Time Warping}},
    author = {Masterson, Claire and Kearney, Gavin and Boland, Frank},
    booktitle = {Audio Engineering Society Conference: 35th International Conference: Audio for Games},
    month = {2},
    year = {2009},
    note = {Conference Paper 34},
    url = {http://www.aes.org/e-lib/browse.cfm?elib=15188}
}

@conference{McKeagMcGrath1996,
    title = {{Sound Field Format to Binaural Decoder with Head Tracking}},
    author = {McKeag, Adam and McGrath, David S.},
    booktitle = {Audio Engineering Society Convention 6r},
    month = {8},
    year = {1996},
    note = {Convention Paper 4302},
    url = {http://www.aes.org/e-lib/browse.cfm?elib=7477}
}

@article{MenziesAlAkaidi2007a,
    title = {{Ambisonic Synthesis of Complex Sources}},
    author = {Menzies, Dylan and Al-Akaidi, Marwan},
    journal = {The Journal of the Audio Engineering Society},
    volume = {55},
    number = {10},
    pages = {864--876},
    year = {2007},
    url = {http://www.aes.org/e-lib/browse.cfm?elib=14175}
}

@article{MenziesAlAkaidi2007b,
    author = "Menzies, Dylan and Al-Akaidi, Marwan",
    title = {{Nearfield binaural synthesis and ambisonics}},
    journal = "The Journal of the Acoustical Society of America",
    year = "2007",
    volume = "121",
    number = "3",
    pages = "1559--1563",
    url = "http://scitation.aip.org/content/asa/journal/jasa/121/3/10.1121/1.2434761",
    doi = "10.1121/1.2434761" 
}

@article{MerimaaPulkki2005,
    title = {{Spatial Impulse Response Rendering I: Analysis and Synthesis}},
    author = {Merimaa, Juha and Pulkki, Ville},
    journal = {The Journal of the Audio Engineering Society},
    volume = {53},
    number = {12},
    pages = {1115--1127},
    year = {2005},
    url = {http://www.aes.org/e-lib/browse.cfm?elib=13401}
}

@book{Moore2013,
    author = {Moore, Brian C.~J.},
    title = {An Introduction to the Psychology of Hearing},
    publisher = {Koninklijke Brill NV},
    year = {2013}
}

@book{MorseIngard1986,
    author = {Morse, Philip M. and Ingard, K. Uno},
    title = {Theoretical Acoustics},
    publisher = {Princeton University Press},
    year = {1986}
}

@article{MullerMassarani2001R,
    title = {{Transfer-Function Measurement with Sweeps}},
    author = {M\"{u}ller, Swen and Massarani, Paulo},
    journal = {The Journal of the Audio Engineering Society},
    volume = {49},
    number = {6},
    pages = {443--471},
    year = {2001},
    note = {Revised October 12, 2010},
    url = {http://www.aes.org/e-lib/browse.cfm?elib=10189}
}

@conference{Nachbar2011,
    title = {{ambiX - A Suggested Ambisonics Format}},
    author = {Nachbar, Christian and Zotter, Franz and Deleflie, Etienne and Sontacchi, Alois},
    booktitle = {Proceedings of the 3rd Ambisonics Symposium},
    month = {6},
    year = {2011},
    url = {http://ambisonics.iem.at/proceedings-of-the-ambisonics-symposium-2011/ambix-a-suggested-ambisonics-format}
}

@book{Nicol2010,
    title = {{Binaural Technology}},
    author = {Nicol, Rozenn},
    year = {2010},
    publisher = {Audio Engineering Society}
}

@incollection{Nicol2017,
    author = "Nicol, Rozenn",
    editor = "Roginska, Agnieszka and Geluso, Paul",
    title = {{Sound Field}},
    booktitle = {Immersive Sound: The Art and Science of Binaural and Multi-Channel Audio},
    year = "2017",
    month = "10",
    publisher = "Focal Press",
    address = "Waltham, MA",
    url = "https://www.routledge.com/Immersive-Sound-The-Art-and-Science-of-Binaural-and-Multi-Channel-Audio/Roginska-Geluso/p/book/9781138900004"
}

@conference{Noisternig2003a,
    title = {{A 3D Ambisonic Based Binaural Sound Reproduction System}},
    author = {Noisternig, Markus and Sontacchi, Alois and Musil, Thomas and Holdrich, Robert},
    booktitle = {Audio Engineering Society Conference: 24th International Conference: Multichannel Audio, The New Reality},
    month = {6},
    year = {2003},
    note = {Conference Paper 1},
    url = {http://www.aes.org/e-lib/browse.cfm?elib=12314}
}

@conference{Noisternig2003b,
    author = {Noisternig, Markus and Musil, Thomas and Sontacchi, Alois and H\"{o}ldrich, Robert},
    booktitle = {IEEE International Symposium on Virtual Environments, Human-Computer Interfaces and Measurement Systems, 2003. VECIMS '03. 2003},
    title = {{3D binaural sound reproduction using a virtual ambisonic approach}},
    year = {2003},
    volume = {},
    number = {},
    pages = {174--178},
    doi = {10.1109/VECIMS.2003.1227050},
    ISSN = {},
    month = {7}
}

@article{OchiaiKaneda2013,
    title = {{A Recursive Adaptive Method of Impulse Response Measurement with Constant SNR over Target Frequency Band}},
    author = {Ochiai, Hirokazu and Kaneda, Yutaka},
    journal = {The Journal of the Audio Engineering Society},
    volume = {61},
    number = {9},
    pages = {647--655},
    year = {2013},
    url = {http://www.aes.org/e-lib/browse.cfm?elib=16933}
}

@conference{Patricio2019,
    title = {{Toward Six Degrees of Freedom Audio Recording and Playback Using Multiple Ambisonics Sound Fields}},
    author = {Patricio, Eduardo and Rumi\'{n}ski, Andrzej and Kuklasi\'{n}ski, Adam and Januszkiewicz, {\L}ukasz and \.{Z}ernicki, Tomasz},
    booktitle = {Audio Engineering Society Convention 146},
    month = {3},
    year = {2019},
    url = {http://www.aes.org/e-lib/browse.cfm?elib=20274}
}

@book{Pierce1994,
    author = {Pierce, Allan D.},
    title = {Acoustics: An Introduction to Its Physical Principles and Applications},
    publisher = {Acoustical Society of America},
    year = {1994}
}

@conference{Plinge2018,
    title = {{Six-Degrees-of-Freedom Binaural Audio Reproduction of First-Order Ambisonics with Distance Information}},
    author = {Plinge, Axel and Schlecht, Sebastian J. and Thiergart, Oliver and Robotham, Thomas and Rummukainen, Olli and Habets, Emanu\"{e}l A. P.},
    booktitle = {Audio Engineering Society Conference: 2018 AES International Conference on Audio for Virtual and Augmented Reality},
    month = {8},
    year = {2018},
    note = {Conference Paper P6-2},
    url = {http://www.aes.org/e-lib/browse.cfm?elib=19684}
}

@article{Poletti2005,
    title = {{Three-Dimensional Surround Sound Systems Based on Spherical Harmonics}},
    author = {Poletti, Mark A.},
    journal = {The Journal of the Audio Engineering Society},
    volume = {53},
    number = {11},
    pages = {1004--1025},
    year = {2005},
    url = {http://www.aes.org/e-lib/browse.cfm?elib=13396}
}

@article{Pulkki1999,
    title = {Analyzing Virtual Sound Source Attributes Using a Binaural Auditory Model},
    author = {Pulkki, Ville and Karjalainen, Matti and Huopaniemi, Jyri},
    journal = {The Journal of the Audio Engineering Society},
    volume = {47},
    number = {4},
    pages = {203--217},
    year = {1999},
    url = {http://www.aes.org/e-lib/browse.cfm?elib=12110}
}

@article{Pulkki2007,
    title = {{Spatial Sound Reproduction with Directional Audio Coding}},
    author = {Pulkki, Ville},
    journal = {The Journal of the Audio Engineering Society},
    volume = {55},
    number = {6},
    pages = {503--516},
    year = {2007},
    url = {http://www.aes.org/e-lib/browse.cfm?elib=14170}
}

@article{Rafaely2005a,
    author = {Rafaely, B.},
    journal = {Speech and Audio Processing, IEEE Transactions on},
    title = {{Analysis and Design of Spherical Microphone Arrays}},
    year = {2005},
    month = {1},
    volume = {13},
    number = {1},
    pages = {135--143},
    doi = {10.1109/TSA.2004.839244}, 
    ISSN = {1063-6676}
}

@article{RafaelyAvni2010,
    author = "Rafaely, Boaz and Avni, Amir",
    title = {{Interaural cross correlation in a sound field represented by spherical harmonics}},
    journal = "The Journal of the Acoustical Society of America",
    year = "2010",
    volume = "127",
    number = "2",
    pages = "823--828",
    url = "http://scitation.aip.org/content/asa/journal/jasa/127/2/10.1121/1.3278605",
    doi = "10.1121/1.3278605"
}

@article{Rasumow2014,
    author = {Rasumow, Eugen and Blau, Matthias and Hansen, Martin and van de Par, Steven and Doclo, Simon and Mellert, Volker and P\"{u}schel, Dirk},
    title = "Smoothing individual head-related transfer functions in the frequency and spatial domains",
    journal = "The Journal of the Acoustical Society of America",
    year = "2014",
    volume = "135",
    number = "4", 
    pages = "2012--2025",
    url = "http://scitation.aip.org/content/asa/journal/jasa/135/4/10.1121/1.4867372",
    doi = "10.1121/1.4867372" 
}

@article{RugelesOspina2015,
    author = {Rugeles Ospina, Felipe and Emerit, Marc and Katz, Brian F. G.},
    title = {The three-dimensional morphological database for spatial hearing research of the BiLi project},
    journal = {Proceedings of Meetings on Acoustics},
    volume = {23},
    number = {1},
    pages = {050001},
    year = {2015},
    doi = {10.1121/2.0000050},
    url = {http://asa.scitation.org/doi/abs/10.1121/2.0000050},
    eprint = {http://asa.scitation.org/doi/pdf/10.1121/2.0000050}
}

@phdthesis{Salomons1995PhD,
    author = {Salomons, Aurelia Maria},
    title = {{Coloration and Binaural Decoloration of Sound due to Reflections}},
    school = {Delft University of Technology},
    year = {1995}
}

@article{Samarasinghe2014a,
    author = {Samarasinghe, Prasanga and Abhayapala, Thushara and Poletti, Mark},
    journal = {IEEE/ACM Transactions on Audio, Speech, and Language Processing},
    title = {{Wavefield Analysis Over Large Areas Using Distributed Higher Order Microphones}},
    year = {2014},
    volume = {22},
    number = {3},
    pages = {647--658},
    doi = {10.1109/TASLP.2014.2300341},
    ISSN = {2329-9290},
    month = {3}
}

@article{Samarasinghe2015,
    author = {Samarasinghe, Prasanga and Abhayapala, Thushara and Poletti, Mark and Betlehem, Terence},
    journal = {IEEE/ACM Transactions on Audio, Speech, and Language Processing},
    title = {{An Efficient Parameterization of the Room Transfer Function}},
    year = {2015},
    volume = {23},
    number = {12},
    pages = {2217--2227},
    doi = {10.1109/TASLP.2015.2475173},
    ISSN = {2329-9290},
    month = {12}
}

@misc{Satongar2013b,
    title = {{Localisation Performance of Higher-Order Ambisonics for Off-Centre Listening}},
    author = {Satongar, Darius and Dunn, Chris and Lam, Yiu and Li, Francis},
    howpublished = {Research \& Development White Paper},
    organization = {British Broadcasting Corporation},
    month = {10},
    year = {2013}
}

@conference{ScharerLindau2009,
    title = {Evaluation of Equalization Methods for Binaural Signals},
    author = {Sch\"{a}rer, Zora and Lindau, Alexander},
    booktitle = {Audio Engineering Society Convention 126},
    month = {5},
    year = {2009},
    note = {Convention Paper 7721},
    url = {http://www.aes.org/e-lib/browse.cfm?elib=14917}
}

@conference{Schorkhuber2014a,
    title = {{WiLMA- a Wireless Large-scale Microphone Array}},
    author = {Sch\"{o}rkhuber, Christian and Zaunschirm, Markus and Zm\"{o}lnig, IOhannes M.},
    booktitle = {Linux Audio Conference 2014},
    month = {5},
    year = {2014},
    address = {Karlsruhe, Germany},
    url = {http://lac.linuxaudio.org/2014/papers/18.pdf}
}

@conference{Schorkhuber2014b,
    title = {Localization of multiple acoustic sources with a distributed array of unsynchronized first-order ambisonics microphones},
    author = {Sch\"{o}rkhuber, Christian and Hack, Philipp and Zaunschirm, Markus and Zotter, Franz and Sontacchi, Alois},
    booktitle = {6th Congress of Alps-Adria Acoustics Assosiation},
    month = {10},
    year = {2014},
    address = {Graz, Austria}
}

@conference{SchultzSpors2013,
    title = {{Data-Based Binaural Synthesis Including Rotational and Translatory Head-Movements}},
    author = {Schultz, Frank and Spors, Sascha},
    booktitle = {Audio Engineering Society Conference: 52nd International Conference: Sound Field Control - Engineering and Perception},
    month = {9},
    year = {2013},
    note = {Conference Paper P-7},
    url = {http://www.aes.org/e-lib/browse.cfm?elib=16894}
}

@incollection{SondergaardMajdak2013,
    author = {S{\o}ndergaard, P. L. and Majdak, P.},
    editor = "Blauert, Jens",
    title = "The Auditory Modeling Toolbox",
    booktitle = "The Technology of Binaural Listening",
    year = "2013",
    publisher = "Springer Berlin Heidelberg",
    address = "Berlin, Heidelberg",
    pages = "33--56",
    isbn = "978-3-642-37762-4",
    doi = "10.1007/978-3-642-37762-4_2"
}

@conference{Southern2009,
    author = {Southern, Alex and Wells, Jeremy and Murphy, Damian},
    booktitle = {Signal Processing Conference, 2009 17th European},
    title = {{Rendering walk-through auralisations using wave-based acoustical models}},
    year = {2009},
    pages = {715--719},
    month = {8}
}

@conference{Spors2012,
    title = {{Comparison of Modal Versus Delay-and-Sum Beamforming in the Context of Data-Based Binaural Synthesis}},
    author = {Spors, Sascha and Wierstorf, Hagen and Geier, Matthias},
    booktitle = {Audio Engineering Society Convention 132},
    month = {4},
    year = {2012},
    url = {http://www.aes.org/e-lib/browse.cfm?elib=16307}
}

@conference{Sridhar2017,
    title = {A database of head-related transfer functions and morphological measurements},
    author = {Sridhar, Rahulram and Tylka, Joseph G. and Choueiri, Edgar},
    booktitle = {Audio Engineering Society Convention 143},
    month = {10},
    year = {2017},
    note = {Convention e-Brief 357},
    url = {http://www.aes.org/e-lib/browse.cfm?elib=19308}
}

@conference{SridharChoueiri2017,
    title = {A method for efficiently calculating head-related transfer functions directly from head scan point clouds},
    author = {Sridhar, Rahulram and Choueiri, Edgar},
    booktitle = {Audio Engineering Society Convention 143},
    month = {10},
    year = {2017},
    note = {Convention Paper 9892},
    url = {http://www.aes.org/e-lib/browse.cfm?elib=19289}
}

@article{Stitt2016,
    title = {Extended Energy Vector Prediction of Ambisonically Reproduced Image Direction at Off-Center Listening Positions},
    author = {Stitt, Peter and Bertet, St\'{e}phanie and van Walstijn, Maarten},
    journal = {The Journal of the Audio Engineering Society},
    volume = {64},
    number = {5},
    pages = {299--310},
    year = {2016},
    url = {http://www.aes.org/e-lib/browse.cfm?elib=18135}
}

@article{Stitt2017,
    title = {Off-Center Listening with Third-Order Ambisonics: Dependence of Perceived Source Direction on Signal Type},
    author = {Stitt, Peter and Bertet, St\'{e}phanie and van Walstijn, Maarten},
    journal = {The Journal of the Audio Engineering Society},
    volume = {65},
    number = {3},
    pages = {188--197},
    year = {2017},
    url = {http://www.aes.org/e-lib/browse.cfm?elib=18554}
}

@article{Thiergart2013,
    author = {Thiergart, Oliver and Del Galdo, Giovanni and Taseska, Maja and Habets, Emanu\"{e}l A. P.},
    journal = {IEEE Transactions on Audio, Speech, and Language Processing},
    title = {{Geometry-Based Spatial Sound Acquisition Using Distributed Microphone Arrays}},
    year = {2013},
    volume = {21},
    number = {12},
    pages = {2583--2594},
    doi = {10.1109/TASL.2013.2280210},
    ISSN = {1558-7916},
    month = {12}
}

@article{TorrasRosellJacobsen2011,
    title = {{A New Interpretation of Distortion Artifacts in Sweep Measurements}},
    author = {Torras-Rosell, Antoni and Jacobsen, Finn},
    journal = {The Journal of the Audio Engineering Society},
    volume = {59},
    number = {5},
    pages = {283--289},
    year = {2011},
    url = {http://www.aes.org/e-lib/browse.cfm?elib=15929}
}

@article{TylkaChoueiri2019d,
    title = {{Domains of Practical Applicability for Parametric Interpolation Methods for Virtual Sound Field Navigation}},
    author = {Tylka, Joseph G. and Choueiri, Edgar Y.},
    journal = {The Journal of the Audio Engineering Society},
    note = {Under review},
    year = {2019}
}

@article{TylkaChoueiri2019c,
    title = {{Performance of Linear Extrapolation Methods for Virtual Sound Field Navigation}},
    author = {Tylka, Joseph G. and Choueiri, Edgar Y.},
    journal = {The Journal of the Audio Engineering Society},
    note = {Under review},
    year = {2019}
}

@article{TylkaChoueiri2019b,
    title = {{A Parametric Method for Virtual Navigation Within an Array of Ambisonics Microphones}},
    author = {Tylka, Joseph G. and Choueiri, Edgar Y.},
    journal = {The Journal of the Audio Engineering Society},
    note = {Under review},
    year = {2019}
}

@techreport{TylkaChoueiri2019a,
    author = {Tylka, Joseph G. and Choueiri, Edgar Y.},
    title = {{Algorithms for Computing Ambisonics Translation Filters}},
    institution = {3D Audio and Applied Acoustics Laboratory, Princeton University},
    year = {2019},
    month = {3},
    number = {\#2},
    url = {http://www.princeton.edu/3D3A/Publications/Tylka_3D3A_HOATranslationFilters.html}
}

@conference{TylkaChoueiri2017b,
    title = {{A Toolkit for Customizing the ambiX Ambisonics-to-Binaural Renderer}},
    author = {Tylka, Joseph G. and Choueiri, Edgar},
    booktitle = {Audio Engineering Society Convention 143},
    month = {10},
    year = {2017},
    note = {Convention e-Brief 403},
    url = {http://www.aes.org/e-lib/browse.cfm?elib=19351}
}

@article{TylkaChoueiri2017a,
    author = {Tylka, Joseph G. and Choueiri, Edgar Y.},
    title = {Models for evaluating navigational techniques for higher-order ambisonics},
    journal = {Proceedings of Meetings on Acoustics},
    volume = {30},
    number = {1},
    pages = {050009},
    month = {10},
    year = {2017},
    url = {http://asa.scitation.org/doi/10.1121/2.0000625},
    doi = {10.1121/2.0000625}
}

@article{Tylka2017,
    title = {{A Generalized Method for Fractional-Octave Smoothing of Transfer Functions that Preserves Log-Frequency Symmetry}},
    author = {Tylka, Joseph G. and Boren, Braxton B. and Choueiri, Edgar Y.},
    journal = {The Journal of the Audio Engineering Society},
    volume = {65},
    number = {3},
    pages = {239--245},
    year = {2017},
    doi = {10.17743/jaes.2016.0053},
    url = {http://www.aes.org/e-lib/browse.cfm?elib=18558}
}

@conference{TylkaChoueiri2016,
    title = {{Soundfield Navigation using an Array of Higher-Order Ambisonics Microphones}},
    author = {Tylka, Joseph G. and Choueiri, Edgar Y.},
    booktitle = {Audio Engineering Society Conference: 2016 AES International Conference on Audio for Virtual and Augmented Reality},
    month = {9},
    year = {2016},
    note = {Conference Paper 4-2},
    url = {http://www.aes.org/e-lib/browse.cfm?elib=18502}
}

@conference{TylkaChoueiri2015,
    title = {{Comparison of Techniques for Binaural Navigation of Higher-Order Ambisonic Soundfields}},
    author = {Tylka, Joseph G. and Choueiri, Edgar Y.},
    booktitle = {Audio Engineering Society Convention 139},
    month = {10},
    year = {2015},
    note = {Convention Paper 9421},
    url = {http://www.aes.org/e-lib/browse.cfm?elib=17977}
}

@conference{Tylka2014,
    title = {{A New Approach to Impulse Response Measurements at High Sampling Rates}},
    author = {Tylka, Joseph G. and Sridhar, Rahulram and Boren, Braxton B. and Choueiri, Edgar Y.},
    booktitle = {Audio Engineering Society Convention 137},
    month = {10},
    year = {2014},
    note = {Convention Paper 9183},
    url = {http://www.aes.org/e-lib/browse.cfm?elib=17506}
}

@article{Ueno2018,
    author = {Ueno, Natsuki and Koyama, Shoichi and Saruwatari, Hiroshi},
    journal = {IEEE Signal Processing Letters},
    title = {{Sound Field Recording Using Distributed Microphones Based on Harmonic Analysis of Infinite Order}},
    year = {2018},
    volume = {25},
    number = {1},
    pages = {135--139},
    doi = {10.1109/LSP.2017.2775242},
    ISSN = {1070-9908},
    month = {1}
}

@conference{VetterdiRosario2011,
    author = {Vetter, Katja and di Rosario, Serafino},
    title = {{ExpoChirpToolbox: a Pure Data implementation of ESS impulse response measurement}},
    booktitle = {4th Pure Data Convention},
    year = {2011}
}

@conference{Volk2011,
    author = {V\"{o}lk, Florian and Landsiedel, Christian and Fastl, Hugo},
    booktitle = {Applications of Signal Processing to Audio and Acoustics (WASPAA), 2011 IEEE Workshop on},
    title = {{Auditory adapted exponential transfer function smoothing (AAS)}},
    year = {2011},
    pages = {49--52},
    doi = {10.1109/ASPAA.2011.6082308},
    ISSN = {1931-1168},
    month = {10}
}

@conference{Wabnitz2010,
    title = {Room acoustics simulation for multichannel microphone arrays},
    author = {Wabnitz, Andrew and Epain, Nicolas and Jin, Craig and van Schaik, Andr{\'e}},
    booktitle = {Proceedings of the International Symposium on Room Acoustics (ISRA)},
    month = {8},
    year = {2010},
    url = {http://www.acoustics.asn.au/conference_proceedings/ICA2010/cdrom-ISRA2010/Papers/P5d.pdf}
}

@conference{Wakayama2017,
    author = {Wakayama, Keigo and Trevino, Jorge and Takada, Hideaki and Sakamoto, Shuichi and Suzuki, Y\^{o}iti},
    booktitle = {2017 IEEE Workshop on Applications of Signal Processing to Audio and Acoustics (WASPAA)},
    title = {Extended sound field recording using position information of directional sound sources}, 
    year = {2017},
    pages = {185--189},
    doi = {10.1109/WASPAA.2017.8170020},
    month = {10}
}

@conference{WaltherFaller2010,
    title = {{Linear Simulation of Spaced Microphone Arrays Using B-Format Recordings}},
    author = {Walther, Andreas and Faller, Christof},
    booktitle = {Audio Engineering Society Convention 128},
    month = {5},
    year = {2010},
    note = {Convention Paper 7987},
    url = {http://www.aes.org/e-lib/browse.cfm?elib=15284}
}

@article{WangChen2018,
    author = {Wang, Yan and Chen, Kean},
    title = {Translations of spherical harmonics expansion coefficients for a sound field using plane wave expansions},
    journal = {The Journal of the Acoustical Society of America},
    volume = {143},
    number = {6},
    pages = {3474--3478},
    year = {2018},
    doi = {10.1121/1.5041742},
    url = {https://doi.org/10.1121/1.5041742},
    eprint = {https://doi.org/10.1121/1.5041742}
}

@article{WardAbhayapala2001,
    author = {Ward, Darren B. and Abhayapala, Thushara D.},
    journal = {Speech and Audio Processing, IEEE Transactions on},
    title = {Reproduction of a plane-wave sound field using an array of loudspeakers},
    year = {2001},
    month = {9},
    volume = {9},
    number = {6},
    pages = {697--707},
    doi = {10.1109/89.943347}, 
    ISSN = {1063-6676}
}

@article{Watanabe2014,
    title = {Dataset of head-related transfer functions measured with a circular loudspeaker array},
    author = {Watanabe, Kanji and Iwaya, Yukio and Suzuki, Y{\^o}iti and Takane, Shouichi and Sato, Sojun},
    journal = {Acoustical science and technology},
    volume = {35},
    number = {3},
    pages = {159--165},
    year = {2014},
    publisher = {Acoustical Society of Japan},
    url = {https://www.jstage.jst.go.jp/article/ast/35/3/35_E1368/_article},
    doi = {10.1250/ast.35.159}
}

@incollection{Wierstorf2013,
    author = {Wierstorf, H. and Raake, A. and Spors, S.},
    editor = "Blauert, Jens",
    title = "Binaural Assessment of Multichannel Reproduction",
    booktitle = "The Technology of Binaural Listening",
    year = "2013",
    publisher = "Springer Berlin Heidelberg",
    address = "Berlin, Heidelberg",
    pages = "255--278",
    isbn = "978-3-642-37762-4",
    doi = "10.1007/978-3-642-37762-4_10"
}

@article{WightmanKistler1992,
    author = "Wightman, Frederic L. and Kistler, Doris J.",
    title = {{The dominant role of low-frequency interaural time differences in sound localization}},
    journal = "The Journal of the Acoustical Society of America",
    year = "1992",
    volume = "91",
    number = "3",
    pages = "1648--1661",
    url = "http://scitation.aip.org/content/asa/journal/jasa/91/3/10.1121/1.402445",
    doi = "10.1121/1.402445" 
}

@book{Williams1999,
    title = {Fourier Acoustics: Sound Radiation and Nearfield Acoustical Holography},
    author = {Williams, Earl G.},
    publisher = {Academic Press},
    year = {1999}
}

@conference{Winter2014,
    title = {Localization Properties of Data-based Binaural Synthesis including Translatory Head-Movements},
    author = {Winter, Fiete and Schultz, Frank and Spors, Sascha},
    booktitle = {Forum Acusticum},
    month = {9},
    year = {2014}
}

@conference{Wittek2007,
    title = {On the Sound Color Properties of Wavefield Synthesis and Stereo},
    author = {Wittek, Helmut and Rumsey, Francis and Theile, G\"{u}nther},
    booktitle = {Audio Engineering Society Convention 123},
    month = {10},
    year = {2007},
    note = {Convention Paper 7167},
    url = {http://www.aes.org/e-lib/browse.cfm?elib=14225}
}

@book{Xie2013,
    title = {Head-Related Transfer Function and Virtual Auditory Display},
    author = {Xie, Bosun},
    publisher = {J. Ross Publishing},
    year = {2013},
    edition = {Second edition}
}

@article{XieZhang2010,
    author = "Xie, Bosun and Zhang, Tingting",
    title = {{The Audibility of Spectral Detail of Head-Related Transfer Functions at High Frequency}},
    journal = "Acta Acustica united with Acustica",
    month = {3},
    volume = "96",
    number = "2",
    year = "2010",
    pages = "328--339",
    url = "http://www.ingentaconnect.com/content/dav/aaua/2010/00000096/00000002/art00014",
    doi = "10.3813/AAA.918282"
}

@article {Zahorik2005,
    title = {{Auditory Distance Perception in Humans: A Summary of Past and Present Research}},
    journal = "Acta Acustica united with Acustica",
    month = {5},
    year = "2005",
    volume = "91",
    number = "3",
    pages = "409--420",
    issn = "1610-1928",
    url = "https://www.ingentaconnect.com/content/dav/aaua/2005/00000091/00000003/art00003",
    author = "Zahorik, Pavel and Brungart, Douglas S. and Bronkhorst, Adelbert W."
}

@phdthesis{Zheng2013PhD,
    author = {Zheng, Xiguang},
    title = {{Soundfield navigation: Separation, compression and transmission}},
    school = {University of Wollongong},
    year = {2013}
}

@book{Zolzer2008,
    title = {Digital Audio Signal Processing},
    author = {Z\"{o}lzer, Udo},
    publisher = {John Wiley \& Sons Ltd},
    edition = {2nd edition},
    year = {2008}
}

@phdthesis{Zotter2009PhD,
    author = {Zotter, Franz},
    title = {{Analysis and Synthesis of Sound-Radiation with Spherical Arrays}},
    school = {University of Music and Performing Arts Graz},
    year = {2009}
}